<record><leader>00000cas a22000007a 4500</leader><controlfield tag="001">12251396</controlfield><controlfield tag="008">850710d19081910mtuwr ne      0    0eng d</controlfield><datafield ind1=" " ind2=" " tag="010"><subfield code="a">sn 85053189 </subfield></datafield><datafield ind1=" " ind2=" " tag="040"><subfield code="a">MTL</subfield><subfield code="b">eng</subfield><subfield code="c">MTL</subfield><subfield code="d">OCLCQ</subfield></datafield><datafield ind1=" " ind2=" " tag="042"><subfield code="a">msc</subfield></datafield><datafield ind1="0" ind2="4" tag="245"><subfield code="a">The Ismay.</subfield></datafield><datafield ind1=" " ind2=" " tag="260"><subfield code="a">Ismay, Mont. :</subfield><subfield code="b">J.A. McKinley,</subfield><subfield code="c">1908-1910.</subfield></datafield><datafield ind1=" " ind2=" " tag="300"><subfield code="a">3 v. :</subfield><subfield code="b">ill.</subfield></datafield><datafield ind1=" " ind2=" " tag="310"><subfield code="a">Weekly</subfield></datafield><datafield ind1="0" ind2=" " tag="362"><subfield code="a">Vol. 1, no. 1 (May 20, 1908)-v. 3, no. 22 (Oct. 12, 1910).</subfield></datafield><datafield ind1=" " ind2=" " tag="752"><subfield code="a">United States</subfield><subfield code="b">Montana</subfield><subfield code="c">Custer</subfield><subfield code="d">Ismay.</subfield></datafield><datafield ind1="0" ind2="4" tag="785"><subfield code="t">Ismay journal</subfield><subfield code="g">Oct. 1910</subfield><subfield code="w">(DLC)sn 85053190</subfield></datafield></record>